@online{martin-tweet,
  relatedtype = {commenton},
  author      = {Robert C. Martin},
  url         = {https://twitter.com/unclebobmartin},
  date        = {2019},
  month       = {August},
  day         = {22}
}

@book{clean-arch,
  author    = {Robert C. Martin},
  address   = {Boston, MA},
  publisher = {Pearson Education},
  title     = {Clean Architecture: A Craftsman's Guide to Software Structure and Design},
  year      = {2018}
}

@article{liskov,
  title   = {A behavioral notion of subtyping},
  author  = {Barbara H. Liskov and Jeannette M. Wing},
  journal = {ACM Transactions on Programming Languages and Systems},
  year    = {1994},
  volume  = {16},
  pages   = {1811-1841}
}

@online{solid-relevance,
  author = {Robert C. Martin},
  url    = {https://blog.cleancoder.com/uncle-bob/2020/10/18/Solid-Relevance.html},
  title  = {Solid Relevance},
  year   = {2020},
  month  = {October},
  day    = {18}
}
